@INPROCEEDINGS{QuadfliegMO,
author={J. Quadflieg and G. Rudolph and M. Preuss},
booktitle={2015 IEEE Conference on Computational Intelligence and Games (CIG)},
title={How costly is a good compromise: Multi-objective TORCS controller parameter optimization},
year={2015},
volume={},
number={},
pages={454-460},
keywords={computer games;digital simulation;optimisation;(100+1)-SMS-EMOA;Mr. Racer;function evaluation;multiobjective TORCS controller parameter optimization;offline parameter optimization;simulated car racing championship;the open racing car simulator controller;Context;Friction;Games;Optimization;Target tracking;Tuning;Wheels},
doi={10.1109/CIG.2015.7317933},
ISSN={2325-4270},
month={Aug},},
url={https://doi.org/10.1109/CIG.2015.7317933}

@book{darwin1859,
  address = {London},
  author = {Darwin, Charles},
  priority = {2},
  publisher = {Murray},
  timestamp = {2008-05-27T04:02:47.000+0200},
  title = {On the Origin of Species by Means of Natural Selection},
  year = 1859
}

@book{GP_Koza92,
    author  = {J. R. Koza},
    title   = {Genetic Programming: On the programming of computers by means of natural selection},
    publisher   = {MIT Press},
    year    = 1992,
    address = {Cambridge, MA},
}

@book{GAs_Michalewicz96,
	title = {Genetic Algorithms + Data Structures = Evolution Programs},
	author = {Zbigniew Michalewicz},
	publisher = {Springer},
	edition= "Third",
	year = {1996}
}


@book{Michalewicz2004,
  author =    "Z. Michalewicz and D.B. Fogel",
  title =     "How to Solve It: Modern Heuristics",
  edition= "2",
  publisher = "Springer-Verlag",
  isbn = "978-3540660613",
  year =      2004
}

@book{GAs_Goldberg89,
  author = 	 "David E. Goldberg",
  title = 	 "Genetic Algorithms in search, optimization and
		  machine learning",
  publisher = 	 "Addison Wesley",
  year = 	 1989
}


@MISC{WebTORCS,
	AUTHOR       = "Sourceforge",
	TITLE        = {Web TORCS},
	HOWPUBLISHED = "Web",
	MONTH        = Nov,
	YEAR         = 2016,
	NOTE         = {http://torcs.sourceforge.net/}
}

@Book{EAs_Back96,
  author =    "T. B{\"{a}}ck",
  title =     "Evolutionary algorithms in theory and practice",
  publisher = "Oxford University Press",
  year =      1996
}


@Book{MelanieMitchell98,
  author =    "Melanie Mitchell",
  title =     "An Introduction to Genetic Algorithms (Complex Adaptive Systems) ",
  publisher = "The MIT Press",
  isbn = "978-0262631853",
  year =      1998
}

@INPROCEEDINGS{CarRacing_Pelta09,
	AUTHOR       = "Enrique Onieva and David A. Pelta and Javier Alonso and Vicente Milan{\'e}s and Joshu{\'e} P{\'e}rez",
	TITLE        = {A Modular Parametric Architecture for the TORCS Racing Engine},
	BOOKTITLE    = "Proceedings of the 5th IEEE Symposium on Computational Intelligence and Games (CIG'09)",
	YEAR         = "2009",
	PAGES        = "256--262",
	PUBLISHER    = "IEEE Press",
	ADDRESS      = "Piscataway, NJ, USA"
}




@INPROCEEDINGS{GaRaceLine2010,
	AUTHOR       = "  Loiacono, Daniele and   Lanzi, Pier Luca and  Bardelli, Alessandro Pietro",
	TITLE        = {Searching for the optimal racing line using genetic algorithms},
	BOOKTITLE    = "Proceedings of the Symposium on Computational Intelligence and Games (CIG), 2010 IEEE ",
	YEAR         = "2010",
	PUBLISHER    = "IEEE Press",
	ADDRESS      = "Copenhagen, Denmark"
}



@inproceedings{drivingGA2008,
	author    = {Saez, Y. and  Perez, D. and Sanjuan, O. and Isasi, P},
	title     = {Driving Cars by Means of Genetic Algorithms},
	booktitle = {Parallel Problem Solving from Nature, PPSN 2008, Lecture Notes in Computer Science, vol 5199},
	publisher = {{Springer, Cham}},
	year      = {2008}
}

@Article{realcodedGA1998,
	Title                    = {Automatic Track Generation for High-End Racing Games Using Evolutionary Computation},
	Author                   = { Herrera, F. and Lozano, M. and Verdegay, J.},
	Journal                  = {Artificial Intelligence Review},
	Year                     = {1998},
	volume    = {12 (4)},
	pages     = {265-319}
}

@Article{crossGA2017,
	Title                    = {A Study of Crossover Operators for Genetic Algorithms to Solve {VRP} and its Variants and New Sinusoidal Motion Crossover Operator},
	Author                   = {Varun Kumar, S G and  Panneerselvam, R.},
	Journal                  = {International Journal of Computational Intelligence Research},
	Year                     = {2017},
	volume    = {13 (7)},
	pages     = {1717-1733}
}


@INPROCEEDINGS{Autodriv2006,
	AUTHOR       = " Kolski, S. and Ferguson, D. and Stacniss, C. and Siegwart, R. ",
	TITLE        = {Autonomous Driving in Dynamic Environments},
	BOOKTITLE    = " In Proceedings of the Workshop on Safe Navigation in Open and Dynamic Environments at the IEEE/RSJ International Conference on Intelligent Robots and Systems (IROS) ",
	YEAR         = "2006",
	ADDRESS      = "Beijing, China"
}

@INPROCEEDINGS{Montecarlo2016,
	AUTHOR       = "Hou Jia-Hao  and Wang Tsaipei ",
	TITLE        = {The development of a simulated car racing controller based on Monte-Carlo tree search},
	BOOKTITLE    = "Proceedings of the Technologies and Applications of Artificial Intelligence (TAAI2016)",
	YEAR         = "2016",
	PUBLISHER    = "IEEE Press",
	ADDRESS      = "Hsinchu, Taiwan"
}


@INPROCEEDINGS{mutation1997,
	AUTHOR       = " Neubauer, A. ",
	TITLE        = {A theoretical analysis of the non-uniform mutation operator for the modified genetic algorithm},
	BOOKTITLE    = "Proceedings of the IEEE International Conference on Evolutionary Computation ",
	YEAR         = "1997",
	URL = {https://doi.org/10.1109/ICEC.1997.592275},
doi = {10.1109/ICEC.1997.592275}
}

% Encoding: UTF-8


@Article{abraham2001,
	Title                    = {Neuro fuzzy systems: State-of-the-art modeling techniques},
	Author                   = {A Abraham},
	Journal                  = {Artificial Intelligence},
	Year                     = {2001}
}


@Article{AutogenEvo2011,
	Title                    = {Automatic Track Generation for High-End Racing Games Using Evolutionary Computation},
	Author                   = { Loiacono Daniele  and Cardamone Luigi and   Lanzi Pier Luca},
	Journal                  = {IEEE Transactions on Computational Intelligence and AI in Games},
	Year                     = {2011},
		volume    = {3},
	pages     = {245-259}
}




@Article{24,
	Title                    = {Evolving Controllers for Simulated car racing using Differential Evolution},
	Author                   = {Shi J.L. and K.O. Chin and T. Jason and T.G.Tan and A. Rayner},
	Journal                  = {Asia-Pacific Journal of Information Technology and Multimedia},
	Year                     = {2013}
}



	


@MastersThesis{opti2014,
	Title                    = {The Gazelle Adaptive Racing Car Pilot},
	Author                   = {Kholah Albelihi},
	School                   = {Indiana University South Bend Department of Computer and Information Sciences},
	Year                     = {2014}
}

@Article{IA,
	author    = {Bienvenu. M.},
	title     = {Introduction à l'Intelligence Artificielle},
	journal   = {https://www.lri.fr/},
	year      = {2007},
	owner     = {pc},
	timestamp = {2016.04.30},
}


@article{CarRacingCompetition_SoftwareManual13,
  author    = {Daniele Loiacono and
               Luigi Cardamone and
               Pier Luca Lanzi},
  title     = {Simulated Car Racing Championship: Competition Software Manual},
  journal   = {CoRR},
  volume    = {abs/1304.1672},
  year      = {2013},
  url       = {http://arxiv.org/abs/1304.1672}
}


@Book{auteur1991,
	title     = {Handbook of genetic algorithms},
	publisher = {Van Nostrand Reinhold},
	year      = {1991},
	author    = {Davis.L.D.}
}

@Article{Histoire2,
	Title                    = {Histoire des Jeux video},
	Author                   = {Alain Le Diberder},
	Journal                  = {Cnam DESS},
	Year                     = {2002}
}
@Article{Paschos2005,
	author    = {Dolev.Sh. and Kogan-Sadetsky.M.},
	title     = {HEURISTIC CERTIFICATES VIA APPROXIMATIONS},
	journal   = {Informatics and Applications},
	year      = {2015},
	volume    = {9},
	pages     = {15-27}
}



@ARTICLE{garcia09,
	author = {Garc{\'i}a, S. and Molina, D.  and Lozano, M. and Herrera, F. },
	title = {A study on the use of non-parametric tests for analyzing the evolutionary
	algorithms behaviour a case study on the CEC2005 Special Session
	on Real Parameter Optimization},
	journal = {Journal of Heuristics},
	year = {2009},
	volume = {15-6},
	pages = {617-644}
}


@inproceedings{LFAG,
	author    = {Onieva, E. and Alonso, J. and P{\'e}rez, J. and Milan{\'e}s, V.},
	title     = {Autonomous car fuzzy control modeled by iterative genetic algorithms},
	booktitle = {Fuzzy Systems},
	year      = {2009},
	pages     = {1615 - 1620}
}

@Article{Fuzzy2011,
	author    = {Godil, S.S. and Shamim, M.S. and Enam, S.A. and Qidwai, U.},
	title     = {Fuzzy logic: A `simple' solution for complexities in neurosciences?},
	journal   = {Surg Neurol Int.},
	year      = {2011},
		pages     = {2 - 24},
			URL = {https://doi.org/10.4103/2152-7806.77177},
		doi = {10.4103/2152-7806.77177} 
}

@Article{GA,
	author    = {Uhlenbein, H.M},
	title     = {Predictive models for the breeder genetic algorithm i. continuous parameter optimization},
	journal   = {Evolutionary computation},
	year      = {1993}
}

@Article{auteurAG1998,
	Title                    = {A competitive genetic algorithm for resource-constrained project scheduling},
	Author                   = {Sonke Hartmann},
	Journal                  = {Naval Research Logistics (NRL)},
	Year                     = {1998},
	
	Month                    = {october},
	Pages                    = {733--750},
	Volume                   = {45}
}



@Article{oponnents2010,
	author    = {D. Loiacono and  P.-L. Lanzi and J. Togelius and E. Onieva and D. A. Pelta and M. . Butz and T. D. Lonneker and L. Cardamone and D. Perez and Y. Saez and M. Preuss and J. Quadflieg},
	title     = {The 2009 Simulated Car Racing Championship},
	journal   = {IEEE Trans. Comput. Intell. AI Games},
	year      = {2010},
	volume    = {2(2)},
	pages     = {131-147}
}

@inproceedings{neurone,
	author    = {Koutnik, J. and Cuccu, G. and Schmidhuber, J. and G{\'o}mez, F.},
	title     = {Evolving Large Scale Neural Networks for Vision Based TORCS},
	booktitle = {Foundations of Digital Games},
	year      = {2013},
	address   = {Dipartimento tecnologie innovative Istituto Dalle Molle di studi sull'intelligenza artificiale},
	month     = {March},
	publisher = {J.Koutnik},
	url       = {http://repository.supsi.ch/id/eprint/4548}
}

 
@inproceedings{ho2008,
	author    = {H.D. Thang and J.M. Garibaldi},
	title     = {A novel fuzzy inferencing methodology for simulated car racing},
	booktitle = {IEEE World Congress on Computational Intelligence},
	year      = {2008},
	month     = {June},
	publisher = {IEEE},
	DOI= {10.1109/FUZZY.2008.4630630}
}
 
@inproceedings{Fujii2008,
 	author    = {S. Fujii and T. Nakashima and H. Ishibuchi},
 	title     = {A Study on Constructing Fuzzy Systems for High-Level Decision Making in a Car Racing Game},
 	booktitle = {IEEE World Congress on Computational Intelligence},
 	year      = {2008},
 	month     = {June},
 	publisher = {IEEE}
 }

@inproceedings{Guadarrama2008,
	author    = {Sergio Guadarrama and Ruben Vazquez},
	title     = {Tuning a Fuzzy Racing Car by Coevolution},
	booktitle = {Genetic and Evolving Systems, GEFS 2008},
	year      = {2008},
	month     = {March},
	doi={10.1109/GEFS.2008.4484568},
		url={https://doi.org/10.1109/GEFS.2008.4484568}
}


@Article{Kartalopoulos2004,
	Title                    = {Understanding Neural Networks and Fuzzy Logic: Basic Concepts and Applications},
	Author                   = {Stamatios V. Kartalopoulos},
	Journal                  = {Wiley-IEEE Press},
	Year                     = {1995},
	
	Owner                    = {pc},
	Timestamp                = {2016.05.25}
}

@inproceedings{AG,
	author    = {Cardamone, L. and Loiacono, D. and Lanzi, P.L.and Bardelli, A.P.},
	title     = {Searching for the Optimal Racing Line Using Genetic Algorithms},
	booktitle = {Computational Intelligence and Games},
	year      = {2010},
	pages     = {388 - 394},
	address   = {Dublin},
	month     = {Augest},
	publisher = {IEEE}
}

@Article{fuzzy2,
	author    = {Loiacono, D. and Lanzi, P.L.},
	title     = {Learning drivers for TORCS through imitation using supervised methods},
	journal   = {CIG (Computational Intelligence in Games)},
	year      = {2009},
	pages     = {148-155}
}

@article{wang1994,
  title={Collision avoidance by fuzzy logic control for automated guided vehicle navigation},
  author={Lee, Pai-Shih and Wang, Ling-Ling},
  journal={Journal of Field Robotics},
  volume={11},
  number={8},
  pages={743--760},
  year={1994},
  publisher={Wiley Online Library}
}

@Article{Web_SimCarRacing2011,
	author    = {Daniele Loiacono and Luigi Cardamone and Martin.V. B and Pier Luca Lanzi},
	title     = {The 2011 Simulated Car Racing Championship @CIG-2011},
	journal   = {TORCS news},
	year      = {2011},
	url       = {http://cig.dei.polimi.it/wpcontent/}
}

@Article{Mitchell1998,
	author    = {Mitchell, M.},
	title     = {An Introduction to Genetic Algorithms},
	journal   = {Complex Adaptive Systems},
	year      = {1998}
}

@Article{history,
	author    = {Stevens, M.},
	title     = {A brief history of video game consoles from the early 1970s to the late 1990s},
	journal   = {venturebeat},
	year      = {2013}
}

@Article{fsmdriver,
	author    = {Bruno, M. and Matheus, C.C and Yuri, B. and Guilherme, N.R.},
	title     = {Comparing the Performance of Finite-State Machines with Different Numbers of States on TORCS},
	journal   = {University of Brasilia},
	year      = {2015}
}

@Article{Mandani1975,
	Title                    = {An experiment in linguistic synthesis with a fuzzy logic controller,},
	Author                   = {Mamdani, E.H. and Assilian, S.},
	Journal                  = {International Journal of Man-Machine Studies},
	Year                     = {1975},
	Number                   = {1},
	Pages                    = {1-13},
	Volume                   = {7}
}

@Article{PSOAPF,
	author   = {Abdelrasoul, N.},
	title    = {Optimization Techniques For an Artificial Potential Fields Racing Car Controller},
	journal  = {Digitala Vetenskapliga Arkivet},
	year     = {2013},
	pages    = {39}
}

@Article{optimisation2013,
	author    = {Chaudhary, N. and Sharma, S.},
	title     = {RACE CAR STRATEGY OPTIMISATION UNDER SIMULATION},
	journal   = {Computer science and engineering},
	year      = {2013}
}

@Article{AutopiaDriver2012,
	author    = {Onieva, E. and Pelta, D. and Godoy, J. and Milan{\'e}s, V. and Rastelli, J.P.},
	title     = {An Evolutionary Tuned Driving System for Virtual Car Racing Games: The AUTOPIA Driver},
	journal   = {International Journal of Intelligent Systems},
	year      = {2012},
	volume    = {27},
	pages     = {217-241},
	owner     = {pc},
	timestamp = {2016.05.01},
}

@Article{auteur2015,
	author    = {P{\'e}rez, D.},
	title     = {Adaptive Controllers for Real-Time Games},
	journal   = {Electronic Engineering},
	year      = {2015},
	owner     = {pc},
	timestamp = {2016.03.01},
}

@Article{fuzzy2014,
	author    = {Rizvi, R. and Kalra, S. and Gosalia, C. and Rahnamayan, S.},
	title     = {Fuzzy Adaptive Cruise Control System with Speed Sign Detection Capability},
	journal   = {IEEE International Conference on Fuzzy Systems},
	year      = {2014},
	owner     = {pc},
	timestamp = {2016.02.29},
}

@Book{IA2,
	title     = {Artificial Intelligence : A Modern Approach},
	publisher = {Prentice Hall},
	year      = {2002},
	author    = {Russell, S. and Norvig, P.},
	editor    = {Hardcover},
	month     = {Décemer},
	owner     = {pc},
	timestamp = {2016.05.11},
}

@Article{defjeu,
	author    = {Grant, T.},
	title     = {Definition of Video games},
	journal   = {Contemporary aesthetics},
	year      = {2008},
	volume    = {6},
	month     = {January},
	owner     = {pc},
	timestamp = {2016.02.20},
}

@article{evol,
	title      = {Optimization of an Autonomous Car Controller using a Self-Adaptive Evolutionary Strategy},
	author     = {Tae Seong Kim and Joong Chae Na and Kyung Joong Kim},
	year       = {2012},
	journal    = {International Journal of Advanced Robotic Systems}
}

@Article{Takagi1985,
	author    = {Morère, Y.},
	title     = {Mise en ?uvre de loi de commandes pour les modèles flous de type Takagi-Sugeno},
	journal   = {Discover Refdoc},
	year      = {2001},
	pages     = {136}
}

@Article{klir1995,
	Title                    = {Fuzzy Sets and Fuzzy Logic : Theory and Applications by Bo Yuan and George J. Klir (1995, Paperback)},
	Author                   = {Bo Yuan and George J. Klir},
	Journal                  = {half.ebay},
	Year                     = {1995},
	Pages                    = {592}
}

@Article{zadeh1975,
	Title                    = {The concept of a linguistic variable and its application to approximate reasoning},
	Author                   = {L.A. Zadeh},
	Journal                  = {Information Sciences},
	Year                     = {1975},
	Pages                    = {199?249},
	Volume                   = {8}
}

@Article{zadeh1965,
	Title                    = {Fuzzy sets},
	Author                   = {L.A. Zadeh},
	Journal                  = {Information and ControlInformation},
	Year                     = {1965},
	Pages                    = {338-353},
	Volume                   = {8}
}

@Article{game,
	author  = {Gentile, D.A. and Anderson, C.A.},
	title   = {Video games},
	journal = {Encyclopedia of Human Development},
	year    = {2006},
}

@Book{game1,
	title     = {The ultimate game developer's sourcebook},
	publisher = {Coriolis Group Books Scottsdale, AZ, USA},
	year      = {1996},
	author    = {Ben Sawyer},
}

@Article{game2,
	author  = {Henry Lowood},
	title   = {Videogames in Computer Space:The Complex History of Pong},
	journal = {IEEE Annals of the History of Computing},
	year    = {2009},
}

@Article{game3,
	author  = {Michael D. Gallagher},
	title   = {Essential Facts about the Computer and Video Game Industry},
	journal = {Entertainment Software Association},
	year    = {2012},
}

@Book{torcs8,
	title     = {Driving faster than a human player},
	publisher = {Springer Berlin Heidelberg},
	year      = {2011},
	author    = {Quadflieg, J. and Preuss, M. and Rudolph, G.},
	volume    = {6624},
	series    = {Lecture Notes in Computer Science},
	booktitle = {Applications of Evolutionary Computation},
}

@article{torcs6,
title = "Advanced overtaking behaviors for blocking opponents in racing games using a fuzzy architecture",
journal = "Expert Systems with Applications",
volume = "40",
number = "16",
pages = "6447 - 6458",
year = "2013",
issn = "0957-4174",
doi = "https://doi.org/10.1016/j.eswa.2013.04.030",
url = "http://www.sciencedirect.com/science/article/pii/S0957417413002789",
author = "Luigi Cardamone and Pier Luca Lanzi and Daniele Loiacono and Enrique Onieva",
keywords = "Fuzzy systems, Simulated car racing, Overtake, Video games, Games, Artificial intelligence, Computational intelligence"
}


@Article{torcs7,
	author  = {Butz, M.V. and Linhardt, M.J. and Lonneker, T.D.},
	title   = {Effective Racing on Partially Observable Tracks: Indirectly Coupling Anticipatory Egocentric Sensors With Motor Commands},
	journal = {IEEE Transactions on Computational Intelligence and AI in Games},
	year    = {2011},
	volume  = {3},
	pages   = {31 - 42},
}

@Article{track,
	author  = {Jan Quadflieg},
	title   = {Learning the track and planning ahead in a car racing controller},
	journal = {Proceedings of the 2010 IEEE Conference on Computational Intelligence and Games},
	year    = {2010},
	pages   = {395 - 402},
}

@MastersThesis{autonoms,
	author = {Behal Lukas and Bc.},
	title  = {An Autonomous Driver of a TORCS Racing Car},
	school = {Brno University of Technology - Faculty of Information Technology Department of Computer Systems},
	year   = {2012},
}

@Article{auteur2010,
	author  = {Onieva, E.},
	title   = {Overtaking opponents with blocking strategies using fuzzy logic},
	journal = {Proceedings of the 2010 IEEE Conference on Computational Intelligence and Games},
	year    = {2010},
	pages   = {123 - 130},
}

@Article{auteur22010,
	author  = {Kim, K.J. and Cho, S.B.},
	title   = {Experience on Running a Small-Size Simulated Car Racing Tournament in an Introductory Programming Course},
	journal = {IEEE},
	year    = {2010},
}

@article{auteur312013,
title = "On-line learning of a fuzzy controller for a precise vehicle cruise control system",
journal = "Expert Systems with Applications",
volume = "40",
number = "4",
pages = "1046 - 1053",
year = "2013",
issn = "0957-4174",
doi = "https://doi.org/10.1016/j.eswa.2012.08.036",
url = "http://www.sciencedirect.com/science/article/pii/S0957417412009979",
author = "E. Onieva and J. Godoy and J. Villagr{\'a} and V. Milan{\'e}s and J. P{\'e}rez",
keywords = "Intelligent Transportation Systems, Autonomous vehicles, Fuzzy control, On-line learning, Speed control"
}


@Article{auteur2008,
	author  = {Loiacono, D. and Togelius, J. and Lanzi, P. L. and Kinnaird-Heether, L. and Lucas, S.M. and Simmerson, M. and P{\'e}rez, D. and Reynolds, R.G. and S{\'a}ez, Y.},
	title   = {The WCCI 2008 simulated car racing competition},
	journal = {IEEE Symposium on Computational Intelligence and Games},
	year    = {2008},
}

@Article{torcs2009,
	author  = {Loiacono, D. and Cardamone, L. and Lanzi, P.L.},
	title   = {Simulated car racing championship 2009: Competition software manual},
	journal = {Dipartimento di Elettronica e Informazione, Politecnico di Milano, Milan, Italy, Tech.},
	year    = {2009},
}

@inproceedings{drivebehaviors,
	author    = {Cardamone, L. and Caiazzo, A. and Loiacono, D. and Lanzi, P.L.},
	title     = {Transfer of driving behaviors across different racing games,},
	booktitle = {Computational Intelligence and Games (CiG)},
	year      = {2011},
	pages     = {227--234.},
	address   = {Seoul},
	publisher = {IEEE},
}

@INPROCEEDINGS{autcas2007,
	author  = {Lucas, S.M. and Togelius, J.},
	title   = {Point-to-Point Car Racing: an Initial Study of Evolution Versus Temporal Difference Learning},
	booktitle = {Proceedings of the 2007 IEEE Symposium on Computational Intelligence and Games (CIG 2007)},
	year    = {2007},
}

@inproceedings{aut2006,
	author  = {Togelius, J.},
	title   = {Evolving robust and specialized car racing skills},
	booktitle = {in Proceedings of the IEEE Congress on Evolutionary Computation},
	year    = {2006},
}

@inproceedings{race2006,
	author  = {Togelius, J. and Nardi, R.D. and Lucas, S.M.},
	title   = {Making racing fun through player modeling and track evolution},
	booktitle = {Proceedings of the SAB'06 Workshop on Adaptive Approaches for Optimizing Player Satisfaction in Computer and Physical Games},
	year    = {2006},
}

@Article{ia2000,
	author  = {Laird, J.E and Lent, M.V.},
	title   = {Human-level AI's killer application Interactive computer games},
	journal = {AAAI Press / The MIT Press},
	year    = {2000},
	pages   = {1171?1178},
}

@Article{fuzzy2008,
	author  = {Cord{\'o}n, O. and Gomide, F. and Herrera, F. and Hoffmann, F. and Magdalena, L.},
	title   = {Genetic fuzzy systems: Taxonomy, current research trends and prospects},
	journal = {Evolutionary Intelligence},
	year    = {2008},
	volume  = {1},
	pages   = {27?46},
}

@Article{fuzzy2004,
	author  = {O. Cord{\'o}n and F. Gomide and F. Herrera and F. Hoffmann and L. Magdalena},
	title   = {Ten years of genetic fuzzy systems: Current framework and new trends},
	journal = {Fuzzy Sets and Systems},
	year    = {2004},
	volume  = {141},
	number  = {1},
	pages   = {5?31},
}

@Article{fuzzy1999,
	author  = {M. Sugeno},
	title   = {On stability of fuzzy systems expressed by fuzzy rules},
	journal = {IEEE Trans. Fuzzy Syst},
	year    = {1999},
	volume  = {vol. 7(2)},
	pages   = {201?224},
}

@Article{fuzzy1998,
	author  = {Garc{\'i}a, R. and Pedro, T.D.},
	title   = {Modeling a fuzzy coprocessor and its programming language},
	journal = {Mathware and Soft Computing},
	year    = {1998},
	volume  = {5(2-3)},
	pages   = {167?174},
}

@Article{fuzzy1988,
	author  = {M. Sugeno and G. T. Kang},
	title   = {Structure identification of fuzzy model},
	journal = {Fuzzy Sets and Systems},
	year    = {1988},
	volume  = {28},
	pages   = {15?33},
}


@Article{rayon,
	author  = {Shuklaand, S. and Tiwari, M.},
	title   = {Fuzzy Logic of Speed and Steering Control System for Three Dimensional Line Following of an Autonomous Vehicle},
	journal = {International Journal of Computer Science and Information Security},
	year    = {2010},
}

@Article{Inteli2007,
	author  = {Partouche, D. and Pasquier, M. and Spalanzani, A.},
	title   = {Intelligent Speed Adaptation Using a Self-Organizing Neuro-Fuzzy Controller},
	journal = {Proceedings of the 2007 IEEE Intelligent Vehicles Symposium},
	year    = {2007},
}

@Book{auto2007,
	title     = {Mechatronic systems: devices, design, control, operation and monitoring},
	publisher = {CRC Press},
	year      = {2007},
	author    = {CW De Silva},
	editor    = {CW De Silva},
}

@InBook{iancu2012,
	title     = {A Mamdani Type Fuzzy Logic Controller},
	booktitle = {Fuzzy Logic - Controls, Concepts, Theories and Applications, Elmer Dadio, ed.},
	publisher = {InTech},
	year      = {2012},
	pages     = {325--352},
	author    = {Ion Iancu}
}

@inproceedings{ThangCIG08,
  author    = {Ho Duc Thang and
               Jonathan M. Garibaldi},
  title     = {A fuzzy approach for the 2007 {CIG} simulated car racing competition},
  booktitle = {Proceedings of the 2008 {IEEE} Symposium on Computational Intelligence
               and Games, {CIG} 2009, Perth, Australia, 15-18 December, 2008},
  pages     = {127-134},
  editor    = {Philip Hingston and
               Luigi Barone},
  publisher = {{IEEE}},
  year      = {2008}
}

@inproceedings{PerezEvolvingFuzzy09,
  author    = {Diego P{\'e}rez Li{\'e}bana and
               Gustavo Recio and
               Yago S{\'{a}}ez and
               Pedro Isasi},
  title     = {Evolving a fuzzy controller for a Car Racing Competition},
  booktitle = {Proceedings of the 2009 {IEEE} Symposium on Computational Intelligence
               and Games, {CIG} 2009, Milano, Italy, 7-10 September, 2009},
  pages     = {263--270},
  year      = {2009},
 url={https://doi.org/10.1109/CIG.2009.5286467},
 doi={10.1109/CIG.2009.5286467}
}

@inproceedings{MunozHumanLike10,
  author    = {Jorge Mu{\~{n}}oz and
               Germ{\'{a}}n Guti{\'{e}}rrez and
               Araceli Sanch{\i}s},
  title     = {A human-like {TORCS} controller for the Simulated Car Racing Championship},
  booktitle = {Proceedings of the 2010 {IEEE} Conference on Computational Intelligence
               and Games, {CIG} 2010, Copenhagen, Denmark, 18-21 August, 2010},
  pages     = {473--480},
  editor    = {Georgios N. Yannakakis and
               Julian Togelius},
  publisher = {{IEEE}},
  year      = {2010}
}

@inproceedings{CardamoneImitation09,
  author    = {Luigi Cardamone and
               Daniele Loiacono and
               Pier Luca Lanzi},
  title     = {Learning drivers for {TORCS} through imitation using supervised methods},
  booktitle = {Proceedings of the 2009 {IEEE} Symposium on Computational Intelligence
               and Games, {CIG} 2009, Milano, Italy, 7-10 September, 2009},
  pages     = {148--155},
  editor    = {Pier Luca Lanzi},
  publisher = {{IEEE}},
  year      = {2009}
}

@inproceedings{ButzCMAES09,
  author    = {Martin V. Butz and
               Thies D. L{\"{o}}nneker},
  title     = {Optimized sensory-motor couplings plus strategy extensions for the
               {TORCS} car racing challenge},
  booktitle = {Proceedings of the 2009 {IEEE} Symposium on Computational Intelligence
               and Games, {CIG} 2009, Milano, Italy, 7-10 September, 2009},
  pages     = {317--324},
  year      = {2009}
}



@Comment{jabref-meta: databaseType:bibtex;}


@inproceedings{ThangG08,
  author    = {Ho Duc Thang and
               Jonathan M. Garibaldi},
  title     = {A novel fuzzy inferencing methodology for simulated car racing},
  booktitle = { {IEEE} International Conference on Fuzzy Systems,
               Hong Kong, China, 1-6 June, 2008, Proceedings},
  pages     = {1907-1914},
  year      = {2008},
  crossref  = {DBLP:conf/fuzzIEEE/2008},
  	url={https://doi.org/10.1109/FUZZY.2008.4630630}
}
@proceedings{DBLP:conf/fuzzIEEE/2008,
  title     = {{FUZZ-IEEE} 2008, {IEEE} International Conference on Fuzzy Systems,
               Hong Kong, China, 1-6 June, 2008, Proceedings},
  publisher = {{IEEE}},
  year      = {2008}
}


@INPROCEEDINGS{Tang_NNvsBBAI,
	AUTHOR       = {Tang, H and Tan, C.H. and Tan, K.C. and Tay, A.},
	TITLE        = {Neural network versus behavior based approach in simulated car racing game},
	BOOKTITLE    = {Proceedings of the IEEE Workshop on Evolving and Self-Developing Intelligent Systems (ESDIS '09)},
	YEAR         = "2009",
	PAGES        = "58--65",
	PUBLISHER    = "IEEE Press"
}


@inproceedings{Cardamone_Online_NN,
 author = {Cardamone, Luigi and Loiacono, Daniele and Lanzi, Pier Luca},
 title = {On-line Neuroevolution Applied to the Open Racing Car Simulator},
 booktitle = {Proceedings of the Eleventh Conference on Congress on Evolutionary Computation},
 series = {CEC'09},
 year = {2009},
 isbn = {978-1-4244-2958-5},
 location = {Trondheim, Norway},
 pages = {2622--2629},
 numpages = {8},
 publisher = {IEEE Press},
 address = {Piscataway, NJ, USA},
}

@INPROCEEDINGS{Quadflieg_LearningTrack,
	AUTHOR       = {Quadflieg, Jan and Preuss, Mike and Kramer, Oliver and  Rudolph, Gunter},
	TITLE        = {Learning the Track and Planning Ahead in a Car Racing Controller},
	BOOKTITLE    = {Proceedings of the 6th IEEE Symposium on Computational Intelligence and Games (CIG'10)},
	YEAR         = "2010",
	PAGES        = "395--402",
	PUBLISHER    = "IEEE Press"
}

@inproceedings{evo17,
	author    = {	Salem, Mohammed and Mora, Antonio Miguel and Merelo, Juan Julián and García-Sánchez, Pablo},
	title     = {Driving in {TORCS} Using Modular Fuzzy Controllers},
	booktitle = {Applications of Evolutionary Computation. EvoApplications 2017, Lecture Notes in Computer Science, vol 10199},
	pages     = {361-376},
	editor    = {Squillero G., Sim K},
	publisher = {{Springer, Cham}},
	year      = {2017}
}

@inproceedings{evo18,
	author    = {Salem, Mohammed and Mora, Antonio Miguel and Merelo, Juan Julián and García-Sánchez, Pablo},
	title     = {Evolving a {TORCS} Modular Fuzzy Driver using Genetic Algorithms},
	booktitle = {Applications of Evolutionary Computation. EvoApplications 2018, LNCS},
	pages     = {To appear},
	editor    = {K. Sim et al.},
	publisher = {Springer},
	year      = {2018}
}


@inproceedings{AgapitosGP07,
  author    = {Alexandros Agapitos and
               Julian Togelius and
               Simon M. Lucas},
  title     = {Evolving controllers for simulated car racing using object oriented
               genetic programming},
  booktitle = {Genetic and Evolutionary Computation Conference, {GECCO} 2007, Proceedings,
               London, England, UK, July 7-11, 2007},
  pages     = {1543--1550},
  editor    = {Hod Lipson},
  publisher = {{ACM}},
  year      = {2007},
  isbn      = {978-1-59593-697-4},
  timestamp = {Tue, 21 Aug 2007 12:31:32 +0200},
  biburl    = {http://dblp.uni-trier.de/rec/bib/conf/gecco/2007},
  bibsource = {dblp computer science bibliography, http://dblp.org}
}

@inproceedings{TanOnline08,
  author    = {Chin Hiong Tan and
               Ji Hua Ang and
               Kay Chen Tan and
               Arthur Tay},
  title     = {Online adaptive controller for simulated car racing},
  booktitle = {Proceedings of the {IEEE} Congress on Evolutionary Computation, {CEC}
               2008, June 1-6, 2008, Hong Kong, China},
  pages     = {2239-2245},
  year      = {2008},
  timestamp = {Fri, 27 Feb 2009 13:29:48 +0100},
  biburl    =     {http://dblp.uni-trier.de/rec/bib/conf/cec/2008},
  bibsource = {dblp computer science bibliography, http://dblp.org},
  url={https://doi.org/10.1109/CEC.2008.4631096}
}

@article{SAES2012,
	author = {Tae Seong Kim and Joong Chae Na and Kyung Joong Kim},
	title ={Optimization of an Autonomous Car Controller Using a Self-Adaptive Evolutionary Strategy},
	journal = {International Journal of Advanced Robotic Systems},
	volume = {9},
	number = {3},
	pages = {73},
	year = {2012},
		URL = {https://doi.org/10.5772/50848},
	doi = {10.5772/50848}
}

@Article{Floreano2004,
	author = {Floreano, D. and Kato, T. and  Marocco, D. and Sauser, E},
title = {Coevolution of active vision and feature selection},	
	journal = {Biological Cybernetics},
	year    = {2004},
	volume  = {90},
	pages   = {218--228},
}


@CONFERENCE{elsayed13,
	author = { Elsayed, S. M. M. and Sarker, R.A.  and Essam, D. L},
	title = {A genetic algorithm for solving the \textsc{CEC}2013 competition
	problems on real-parameter optimization},
	booktitle = {IEEE Congress on Evolutionary Computation, CEC 2013},
	year = {2013},
	pages = {356-360},
	address = {Cancun, Mexico},
	month = {21-23 June 2013},
	journal = {Neural Computation},
	owner = {aa},
	timestamp = {2013.10.10}
}

@article{KIM201287,
title = "Generalization of TORCS car racing controllers with artificial neural networks and linear regression analysis",
journal = "Neurocomputing",
volume = "88",
pages = "87 - 99",
year = "2012",
note = "Intelligent and Autonomous Systems",
issn = "0925-2312",
doi = "https://doi.org/10.1016/j.neucom.2011.06.034",
url = "http://www.sciencedirect.com/science/article/pii/S0925231212000094",
author = "Kyung-Joong Kim and Jun-Ho Seo and Jung-Guk Park and Joong Chae Na",
keywords = "Game, Artificial neural network, Linear regression analysis, Modular architecture, Control"
}

@article{MARTINEZBARBERA201494,
title = "Multilayer distributed intelligent control of an autonomous car",
journal = "Transportation Research Part C: Emerging Technologies",
volume = "39",
pages = "94 - 112",
year = "2014",
issn = "0968-090X",
doi = "https://doi.org/10.1016/j.trc.2013.12.006",
url = "http://www.sciencedirect.com/science/article/pii/S0968090X13002659",
author = "Humberto Mart{\'i}nez-Barber{\'a} and David Herrero-P{\'e}rez",
keywords = "Intelligent vehicles, Robotics development frameworks, Mobile robots"
}

@INPROCEEDINGS{Wang-DrivingImitation14,
author={T. Wang and K. T. Liaw},
booktitle={2014 IEEE Conference on Norbert Wiener in the 21st Century (21CW)},
title={Driving style imitation in simulated car racing using style evaluators and multi-objective evolution of a fuzzy logic controller},
year={2014},
volume={},
number={},
pages={1-7},
doi={10.1109/NORBERT.2014.6893872},
month={June},}


@INPROCEEDINGS{Kole-ParamCarTunning12,
author={M. K{\"{o}}le and A. S. Etaner-Uyar and B. Kiraz and E. {\"{O}}zcan},
booktitle={12th UK Workshop on Computational Intelligence (UKCI)},
title={Heuristics for car setup optimisation in TORCS},
year={2012},
volume={},
number={},
pages={1-8},
doi={10.1109/UKCI.2012.6335749},
url={https://doi.org/10.1109/UKCI.2012.6335749},
ISSN={2162-7657},
month={Sept},}

@INPROCEEDINGS{SimulatedCarRacing-2008,
author={D. Loiacono and J. Togelius and P. L. Lanzi and L. Kinnaird-Heether and S. M. Lucas and M. Simmerson and D. Perez and R. G. Reynolds and Y. Saez},
booktitle={2008 IEEE Symposium On Computational Intelligence and Games},
title={The WCCI 2008 simulated car racing competition},
year={2008},
volume={},
number={},
pages={119-126},
doi={10.1109/CIG.2008.5035630},
ISSN={2325-4270},
month={Dec},}

@inproceedings{Harik-ParameterLess99,
 author = {Harik, Georges R. and Lobo, Fernando G.},
 title = {A Parameter-less Genetic Algorithm},
 booktitle = {Proceedings of the 1st Annual Conference on Genetic and Evolutionary Computation - Volume 1},
 series = {GECCO'99},
 year = {1999},
 isbn = {1-55860-611-4},
 location = {Orlando, Florida},
 pages = {258--265},
 numpages = {8},
 publisher = {Morgan Kaufmann Publishers Inc.},
 address = {San Francisco, CA, USA},
}

@incollection{merelo2016statistical,
  title={A Statistical Approach to Dealing with Noisy Fitness in Evolutionary Algorithms},
  author={Merelo, JJ and Chelly, Zeineb and Mora, Antonio and Fern{\'a}ndez-Ares, Antonio and Esparcia-Alc{\'a}zar, Anna I and Cotta, Carlos and de las Cuevas, P and Rico, Nuria},
  booktitle={Computational Intelligence},
  pages={79--95},
  year={2016},
  publisher={Springer}
}
